
@article{www,
	title = {Introducción a las técnicas de investigación social},
	isbn = {978-84-8004-932-0},
	abstract = {El presente texto estructurado en cuatro partes pretende ser un material de referencia para los alumnos de la materia de Técnicas de Investigación Social I. La primera parte busca fijar el significado de las técnicas de investigación social introduciendo al lector en las técnicas de investigación social. La segunda parte está destinada a las prácticas cualitativas con especial referencia a las denominadas técnicas grupales. La tercera parte centra sus tres apartados en la encuesta mediante cuestionario estandarizado. La cuarta y última parte estudia las diferentes formas de análisis. Al final de cada tema el lector dispone de una serie de preguntas que permiten un repaso rápido de lo leído.},
	pagetotal = {337},
	year={2020},
	publisher = {Editorial Universitaria Ramon Areces},
	author = {Gallego, Javier Callejo and Cid, Consuelo Del Val and Brito, Jesús Gutiérrez and Rojas, Antonio Viedma},
	date = {2009-07-22},
	langid = {spanish},
	note = {Google-Books-{ID}: 3HGUDAAAQBAJ},
	keywords = {Social Science / Research},
}
@book{hilbert2020geometry,
  title={Geometry and the Imagination},
  author={Hilbert, D. and Cohn-Vossen, S.},
  isbn={9781470463861},
  series={AMS Chelsea Publishing series},
  url={https://books.google.com.pe/books?id=5y1tzgEACAAJ},
  year={2020},
  publisher={American Mathematical Society}
}

    @MastertThesis{mexico,
      AUTHOR =       {Planchart, Márquez Orlando },
      TITLE =        {La visualización y la modelación en la adquisición del concepto de función, {\normalfont (Tesis de licenciatura)}},
      DATE =         {2016},
      location =     {Universidad Autónoma del Estado de Morelos, México},
    }

		@MastertThesis{espana,
      AUTHOR =       {Fernández, Blanco Teresa},
      TITLE =        {Una aproximación ontosemiótica a la visualización y el razonamiento espacial, {\normalfont (Tesis de doctorado)}},
      DATE =         {2012},
      location =     {Universidade de Santiago de Compostela, España},
      }
				
      @MastertThesis{didactica,
      AUTHOR =       {Sordo, Juanena José María },
      TITLE =        {Estudio de una estrategia didáctica basada en las nuevas tecnologías para la enseñanza de la geometría, {\normalfont(Tesis de licenciatura)}},
      DATE =         {2005},
      location =     {Universidad Complutense de Madrid, España},
    }

    @MastertThesis{reyes,
      AUTHOR =       {Gutiérrez, Sosa Jaime},
      title =        {Competencia matemática y mediación del aprendizaje, en estudiantes de la escuela de formación profesional de educación primaria, UNSCH - 2015, {\normalfont(Tesis de maestr\'ia)}},
      year =         {2015},
      url={http://repositorio.unsch.edu.pe/handle/UNSCH/1357},
      address      =     {UNSCH, Ayacucho},
    }

    @MastertThesis{Munaylla,
      AUTHOR =       {Munaylla, Jayo Joel},
      TITLE =        {Materiales didácticos concretos en el desarrollo de capacidades matemáticas en estudiantes de educación inicial de la universidad Nacional de San Cristóbal de Huamanga, 2015, {\normalfont(Tesis de maestr\'ia)}},
      DATE =        {2016},
      location =    {UNSCH, Ayacucho},
    }
    @MastertThesis{Requelme,
      AUTHOR =       {Meza, S. R.},
      TITLE =        {Estrategia metodológica activo colaborativo en el aprendizaje de matemática en estudiantes de economía, Universidad Nacional de San Cristóbal de Huamanga - 2010, {\normalfont(Tesis de licenciatura)}},
      DATE =        {2010},
      location =    {UNSCH, Ayacucho},
    }
    @MastertThesis{varela,
      AUTHOR =       {Varela, Nieto Paloma},
      TITLE =        {La resolución de problemas en la enseñanza de las ciencias. Aspectos didácticos y cognitivos, {\normalfont(Tesis de maestr\'ia)}},
      DATE =        {2015},
      location =    {Universidad Complutense De Madrid, España},
    }

    @MastertThesis{reyes1,
      AUTHOR =       {Reyes, Cabrera Neptali},
      TITLE =        {Enculturación matemática y rendimiento académico en los futuros profesores de la Especialidad de Matemática en la UNMSM, 2015, {\normalfont(Tesis de licenciatura)}},
      DATE =        {2015},
      location =    {UNMSM, Lima},
    }
    @MastertThesis{sanches,
      AUTHOR =       {Padilla, Villarreal Fleming Tito},
      TITLE =        {Aplicación del Software Geo-gebra y la resolución de problemas de geometría euclidiana plana en estudiantes del I ciclo de Ingeniería Civil de la Universidad Peruana de Los Andes 2013-II sede Lima, {\normalfont(Tesis maestr\'ia)}},
      DATE =        {2014},
      location =    {Cesar Vallejo, Lima},
    }

    @MastertThesis{tes1mary,
      AUTHOR =       {McKinley, Mary Catherine },
      TITLE =        {Fractal shapes generated by iterated function systems},
      institution =    {BS, Spring Hill College},
      type		  = {Tesis},
      DATE =         {2016},
      location =      {USA},
    }

    @MastertThesis{tes2glass,
      AUTHOR =       {Glass, Melissa},
      TITLE =        {Dimensions of self-similar fractals},
      institution =    {Winston-Salem},
      type		  = {Tesis},
      date =         {2014},
      location =      {USA, North Carolina},
    }
    @MastertThesis{tes3Lofstedt,
      AUTHOR =       {Lofstedt, Tommy},
      TITLE =        {Fractal geometry, graph and tree constructions},
      institution =    {Umea University},
      type		  = {Tesis},
      date =         {2014},
      address =      {SWEDEN},
    }
    @MastertThesis{tes4qi,
      AUTHOR =       {Qi, Xiaomin},
      TITLE =        {Fixed points, fractals, iterated function systems and generalized support vector machines},
      institution =    {Malardalen University},
      type		  = {Tesis},
      DATE =         {2016},
      location =      {Vasteras, Swedez},
    }

    @BOOK{khotari,
      AUTHOR =       {Khotari, C. R.},
      TITLE =        {Research methodology},
      SUBTITLE =     {Methods and techniques},
      PUBLISHER =    {New age international (p) limited, publishers},
      YEAR =         {2004},
      address =      {India},
      edition =      {2},
    }

    @BOOK{kumar,
      AUTHOR =       {Rangit, Kumar},
      TITLE =        {Research Metodology},
      SUBTITLE =     {A step by step guide for beginners},
      PUBLISHER =    {SAGE Publications Inc.},
      YEAR =         {2011},
      address =      {CM Digitals (P) Ltd, Chennai, India},
      edition =      {2},
    }
    @BOOK{Livas,
      title={Pensamiento cr{\'i}tico y creatividad en el aula},
      author={Calva, M. L.},
      isbn={9789682429859},
      series={Serie creatividad y formaci{\'o}n},
      year={1998},
      publisher={Trillas}
    }


    @BOOK{Heinz,
      AUTHOR =       {Heinz, R. Fuchs},
      TITLE =        {Sculpture contemporaine},
      PUBLISHER =    {Albin Michael, 22},
      YEAR =         {1997},
      address =      {Huyguens, Paris},
      edition =      {2},
    }

    @BOOK{inv1,
      title={Metodolog{\'i}a de la investigaci{\'o}n},
      author={Sampieri, R. H. and Collado, C. F. and Lucio, P. B.},
      isbn={9789701057537},
      series={Elibro Catedra},
      year={2006},
      publisher={MacGraw-Hill/Interamericana}
    }

    @article{cerezal,
    author = {Rodríguez-Jiménez, Andrés and Perez Jacinto, Omar},
    year = {2017},
    month = {07},
    pages = {},
    title = {Métodos científicos de indagación y de construcción del conocimiento},
    journal = {Revista EAN},
    doi = {10.21158/01208160.n82.2017.1647}
    }

    @BOOK{Phillips,
      title={Visualization in Mathematics, Reading and Science Education},
      author={Phillips, L.M. and Norris, S.P. and Macnab, J.S.},
      isbn={9789048188161},
      lccn={2010931653},
      series={Models and Modeling in Science Education},
      year={2010},
      publisher={Springer Netherlands}
    }


    @BOOK{Giaquinto,
      AUTHOR =       {Giaquinto, M.},
      TITLE =        {Visual Thinking in Mathematics},
      SUBTITLE=      {An epistemological study},
      PUBLISHER =    {Oxford University Press},
      YEAR =         {2007},
      address =      {New York},
    }

    @BOOK{Indow,
      AUTHOR =       {Indow, Tarow},
      TITLE =        {The Global Structure of Visual Space},
      PUBLISHER =    {World Scientific Publishing Co. Pte. Ltd.},
      YEAR =         {2004},
      address =      {USA},
    }

    @BOOK{visual,
      AUTHOR =       {Gómez, Chacon Ines},
      TITLE =        {Visualizaci\'on matem\'atica},
      SUBTITLE=      {intuici\'on y razonamiento},
      PUBLISHER =    {Continuum},
      YEAR =         {2005},
      address =      {London},
    }

    @article{variabled,
      title={Formaci{\'o}n y desarrollo de competencias matem{\'a}ticas: una perspectiva te{\'o}rica en la did{\'a}ctica de las matem{\'a}ticas},
      author={Quiroga, Bernardo Garc{\'i}a and Coronado, Arnulfo and Quintana, Leonardo Montealegre},
      journal={Revista Educaci{\'o}n y Pedagog{\'i}a},
      volume={23},
      number={59},
      pages={159--175},
      year={2011}
    }

    @article{variablei,
      title={Visualizaci{\'o}n matem{\'a}tica, representaciones, nuevas tecnolog{\'i}as y curriculum},
      author={Hitt, Fernando},
      journal={Educaci{\'o}n matem{\'a}tica},
      volume={10},
      number={02},
      pages={23--45},
      year={1998},
      publisher={Grupo Editorial Iberoam{\'e}rica}
    }

    @article{modelaciones,
      title={Modelaci{\'o}n matem{\'a}tica y simulaci{\'o}n de procesos fermentativos: Presentaci{\'o}n de nueva herramienta de software},
      author={Ribas, Mauricio and Hurtado, R and Garrido, N and de los R{\'i}os, M D{\'i}az and Dom{\'e}nech, F and Sabad{\'i}, R and Garc{\'i}a, Tom{\'a}s and Rodr{\'i}guez, D},
      journal={Ingenier{\'i}a qu{\'i}mica},
      number={438},
      year={2006},
      publisher={Alci{\'o}n}
    }
    @article{castro2007competencia,
      title={La competencia matem{\'a}tica (en el sentido de PISA) de los futuros maestros},
      author={Castro, C{\'e}sar S{\'a}enz},
      journal={Ense{\~n}anza de las ciencias: revista de investigaci{\'o}n y experiencias did{\'a}cticas},
      volume={25},
      number={3},
      pages={355--366},
      year={2007}
    }
    @book{zabala20083,
      title={3-2 Ideas clave. El desarrollo de la competencia matem{\'a}tica},
      author={Zabala, Jes{\'u}s Ma Go{\~n}i},
      volume={7},
      year={2008},
      publisher={Gra{\'o}}
    }
    @article{parra2003didactica,
      title={Formaci{\'o}n de pensamiento cr{\'i}tico en estudiantes de primeros semestres de educaci{\'o}n superior},
      author={Poveda, Ignacio Laiton},
      journal={Revista Iberoamericana de Educaci{\'o}n},
      volume={53},
      number={3},
      pages={1--7},
      year={2010},
      publisher={Organizaci{\'o}n de Estados Iberoamericanos para la Educaci{\'o}n, la Ciencia y la Cultura, OEI}
    }

    @book{alsina2007educacion,
      title={Matem{\'a}ticas e imaginaci{\'o}n},
      author={Newman, E.K.J.},
      isbn={9789685374200},
      year={2007},
      publisher={CONACULTA, Direccion General de Publicaciones}
    }
    @article{callejo2003creatividad,
      title={Creatividad matem{\'a}tica y resoluci{\'o}n de problemas},
      author={Callejo, Mar{\'i}a Luz},
      journal={Sigma: revista de matem{\'a}ticas -- matematika aldizkaria},
      number={22},
      pages={25--34},
      year={2003},
      publisher={Servicio Central de Publicaciones}
    }

    @article{sanchez2002resolucion,
      title={Resolucion de problemas},
      author={S{\'a}nchez, Alfonso},
      journal={Tachira, Venezuela},
      url = {\url{http://servidoropsu. tach. ula. ve/profeso/sanch\_alf/ponencias/resolucion\_proble. pdf}},
      year={2002}
    }

    @BOOK{simbolismo,
      AUTHOR =       {O'Halloran, Kay L.},
      TITLE=      {Language, Symbolism and Visual Images},
      PUBLISHER =    {Continuum},
      PUBLISHER =    {Dordrecht Heidelberg London},
      YEAR =         {2005},
      address =      {London},
    }

    @BOOK{demostracion,
      AUTHOR =       {Gila, Hanna and Hans, Niels Jahnke and Helmut, Pulte},
      TITLE =        {Explanation and Proof in Mathematics},
      SUBTITLE=      {Philosophical and Educational Perspectives},
      PUBLISHER =    {Springer New York Dordrecht Heidelberg London},
      YEAR =         {2010},
      address =      {New York},
    }

    @BOOK{criticidad,
      AUTHOR =       {Stella, Cottrell},
      TITLE =        {Critical Thinking Skills Developing Effective Analysis and Argument},
      PUBLISHER =    {Palcrave Macmillan},
      YEAR =         {2005},
      address =      {New York},
    }

    @BOOK{creatividad1,
      AUTHOR =       {Baker, Matt and Rudd, Rick and Pomeroy, Carol },
      TITLE =        {Relationships between critical and creative thinking},
      PUBLISHER =    {Springer New York Dordrecht Heidelberg London},
      YEAR =         {2012},
      address =      {New York},
    }

    @BOOK{creatividad2,
      title={The Cambridge Handbook of Creativity},
      author={Kaufman, J.C. and Sternberg, R.J.},
      isbn={9781139490610},
      series={Cambridge Handbooks in Psychology},
      year={2010},
      publisher={Cambridge University Press}
    }

    @BOOK{lages,
      AUTHOR =       {Lages, Elon Lima},
      TITLE =        {Analisis real},
      SUBTITLE =        {Fractal Everywhere all},
      PUBLISHER =    {Academic Press. Inc},
      YEAR =         {1997},
      address =      {Peru},

    }

    @BOOK{Needham,
      AUTHOR =       {Tristan Needham},
      TITLE =        {Analisis real},
      PUBLISHER =    {Academic Press. Inc},
      YEAR =         {1997},
      address =      {Peru},
    }

    @BOOK{bernal,
      title={Metodolog{\'i}a de la investigaci{\'o}n: para administraci{\'o}n, econom{\'i}a, humanidades y ciencias sociales},
      author={Torres, C.A.B.},
      isbn={9789702606451},
      year={2006},
      publisher={Pearson Educaci{\'o}n}
    }

    @book{5112,
    	author = {Méndez, Álvarez Carlos Eduardo},
    	title = {Metodología: guía para elaborar diseños de investigación en ciencias económicas, contables y administrativas/},
    	publisher = {McGraw-Hill Interamericana,},
    	year = {1995},
    	address = {Santafé de Bogotá},
    	edition = {2},
    	note = {CAMPUS I, II y EXTENSIÓN CIBAO}
    }

    @BOOK{design,
      AUTHOR =       {Barrientos,  Pedro},
      editor =       {Editorial Ugraph S.A.C},
      TITLE =        {La investigación científica enfoques metodologicos},
      YEAR =         {2006},
      address =      {Per\'u},
        url={http://www.sancristoballibros.com/libro/la-investigacion-cientifica-enfoques-metodologicos_57471},
      edition =      {1},
    }
    @BOOK{santiago,
      AUTHOR =       {Valderrama, M. S.},
      editor =       {San Marcos},
      TITLE =        {Pasos Para Elaborar Proyectos de Investigacion Cientifica},
      YEAR =         {2015},
      address =      {Per\'u},
      edition =      {5},
    }
    @BOOK{shapiro,
      AUTHOR =       {Gamarra, Astuhuaman G. A. and Rivera, Espinoza T. A. and Wong, Cabanillas F. J. and  Pujay, Cristóbal O. E.},
      TITLE =        {Estadistica e investigacion con aplicaciones de SPSS},
      PUBLISHER =    {Prentice Hall},
      YEAR =         {2010},
      address =      {Colombia},
      edition =      {4},
    }
    @BOOK{marsden,
      AUTHOR =       {Jerrold Marsden},
      TITLE =        {C\'alculo vectorial},
      PUBLISHER =    {Academic Press. Inc},
      YEAR =         {1988},
      address =      {1250 Sixth Avenue, San Diego,CA 92101 Londres},
      edition =      {2},
    }

    @BOOK{Barnsley,
      AUTHOR =       {Barnsley, Michael},
      TITLE =        {Fractal Everywhere},
      PUBLISHER =    {Academic Press. Inc},
      YEAR =         {1988},
      address =      {1250 Sixth Avenue, San Diego,CA 92101 Londres},
      edition =      {2},
    }

    @BOOK{Kenneth,
      AUTHOR =       {Kenneth, Falconer},
      TITLE =        {Fractal Geometry},
      PUBLISHER =    {Academic Press. Inc},
      YEAR =         {1990},
      address =      {West Sussex PO19 IUD England},
      edition =      {4},
    }

    @BOOK{Sistem1,
      AUTHOR =       {Kathleen T. Alligood and Tim D. Sauer and James A. Yorke},
      editor =       {Thomas F., Banchoff and Keith, Devlin and Gaston, Gonnet and Jerrold, Marsden and Stan, Wagon},
      TITLE =        {Chaos and introduction to dynamical systems},
      PUBLISHER =    {Springer Verlag},
      YEAR =         {1996},
    }


    @BOOK{venero,
      AUTHOR =       {Venero, Baldeon J. Armando},
      editor =       {},
      TITLE =        {Introducci\'on al an\'alisis matem\'atico},
      PUBLISHER =    {Representaciones Jemar},
      YEAR =         {2006},
      volume =       {},
      number =       {},
      series =       {},
      address =      {Lima Peru},
      edition =      {2},
    }

    @BOOK{stewart,
      AUTHOR =       {Becker, Karl-Heinz and Dorfler, Michael},
      editor =       {Ian Stewart},
      TITLE =        {Dinamical system and fractal},
      PUBLISHER =    {Cambridge University Press},
      YEAR =         {1989},
      address =      {New York},
      edition =      {3},
    }

    @BOOK{saldana,
      keywords	  = {primary},
      hyphenation = {british},
      author	  = {Salda\~na, J.},
      editor	  = {Hicks, Robert Drew},
      title		  = {M\'otodo de investigaci\'on},
      publisher	  = {cup},
      location	  = {Clarendon Oxford},
      date		  = {1998},
    }

    @BOOK{fernandez,
      keywords	  = {primary},
      hyphenation = {british},
      author	  = {Fernandez, T.},
      editor	  = {Hicks, Robert Drew},
      title		  = {Investigaci\'on educativa},
      publisher	  = {Iplac},
      location	  = {Lima Per\'u},
      date		  = {2001},
    }

    @BOOK{hernandez,
      keywords	  = {primary},
      hyphenation = {british},
      author	  = {Hernandez, R.},
      editor	  = {Hicks, Robert Drew},
      title		  = {Metodologia de la investigaci\'on},
      publisher	  = {McGraw-Hill interamericana},
      location	  = {Mexico},
      year		  = {2006},
      edition     = {3},
    }


    @book{mezquita2004cómo,
      title={C{\'o}mo investigar en pedagog{\'i}a},
      author={Mezquita, J.C. and Rodr{\'i}guez, J. F.},
      isbn={9789591312167},
      year={2004},
      publisher={Pueblo y Educaci{\'o}n}
    }


    @Book{cordova,
      title={Investigacion Pedagogica: Fundamento central de formacion del docente universitario},
      author={Herrera, L. R.},
      series={Ciencia y Pedagog{\'i}a: Fundamentos de la Formaci{\'o}n del Profesor Universitario},
      year={2002},
      publisher={Icfes (Instituto Colombiano para el Fomento de la Educacion Superior)}
    }


    @Book{munkres,
      keywords	  = {primarIy},
      hyphenation = {british},
      author	  = {R. Munkres, James},
      editor	  = {Hicks, Robert Drew},
      title		  = {Topologia},
      location	  = {Clarendon Oxford},
      year		  = {2008},
    }

    @Book{modelo2,
      author	  = {Haberman, Richard},
      editor	  = {Robert E. O'Malley, Jr., University of Washington},
      title		  = {Mathematical Models},
      subtitle    = {Mechanical Vibrations, Population Dynamics, and Traffic Flow},
      publisher	  = {SIAM's Classics in Applied Mathematics },
      location	  = {USA},
      year		  = {2004},
    }

    @Book{howard,
      title={Multiple Intelligences: The Theory in Practice},
      author={Howard, Gardner},
      isbn={9780465018222},
      lccn={92053241},
      url={https://books.google.com.pe/books?id=eZQq3z7joHkC},
      year={1993},
      publisher={Basic Books}
    }

    @Book{Duval,
      author	  = {Duval, R.},
      title		  = {Les conditions cognitives de lapprentissage de la geometrie: Developpement
    de la visualisation, differenciation des raisonnements et coordination de leurs fonctionnements},
      location	  = {Clarendon Oxford},
      year		  = {2005},
    }
    @Article{ines,
      author	= {Gomez, Chacon Inez},
      title		= {Visualizaci\'on matem\'atica},
      subtitle	= {Intuici\'on y razonamiento},
      date		  = {2017},
      url       = {\url{http://www.palermo.edu/ingenieria/downloads/CyT6/6CyT2004.pdf}},
      urldate	  = {2018-08-07},
    }
    @Article{figueiras,
      author	= {Figueiras, Lourdes and Deulofeu, Jordi},
      title		= {Atribuir un significado a la matemática a través de la visualización},
      date		= {2010},
      url       = {\url{http://www.raco.cat/index.php/Ensenanza/article/download/22019/332762}},
      urldate   = {2018-05-17},
    }

    @Article{lan,
      author	= {Lan, Lei},
      title		= {Similarity Between the Mandelbrot Set and Julia Sets},
      journal	= {Communications in Mathematical Physics},
      address   = {\url{CTAN: /usergrps/uktug/baskervi/}},
      year		= 1989,
      number	= 134,
      pages		= {587-617}
    }

    @Article{Palais,
      author      = {Palais, S. Richard},
      title		  = {The Visualization of Mathematics},
      subtitle	  = {Towards a Mathematical Exploratorium},
      date		  = {2000},
      url		  = {\url{https://pdfs.semanticscholar.org/3b4e/372183348646a56f7cb97bf0bb270a271f2a.pdf}},
      urldate	  = {2018-01-17},
    }

    @article{simbol,
      title={Ver, describir y simbolizar en el club de matem{\'a}ticas de la Universidad Pedag{\'o}gica Nacional},
      author={Sánchez, Luisa and García, Oscar and Mora, Lyda Constanza},
      year={2009},
      url		  = {\url{http://funes.uniandes.edu.co/740/1/ver.pdf}},
      urldate	  = {2018-03-17},
    }

    @Article{creat,
      author      = {Guilford, Joy Paul},
      title		  = {Intelligence, Creativity and Their Educational Implications},
      date		  = {1968},
      url		  = {\url{https://dialnet.unirioja.es/descarga/articulo/65974.pdf}},
      urldate	  = {2018-03-17},
    }

    @Article{metodo,
      author      = {Isoda, Masami and Olfos, Raimundo },
      title		  = {El enfoque de resolución de problemas},
      date		  = {2009},
      url		  = {\url{http://math-info.criced.tsukuba.ac.jp/upload/ProblemSolvingIsodaOlfos.pdf}},
      urldate	  = {2018-02-18},
    }
    @Article{metodo1,
      author      = {Coronel, María del Valle and Curotto, María Margarita },
      title		  = {La resolución de problemas como estrategia de enseñanza y aprendizaje},
      date		  = {2008},
      url		  = {\url{http://reec.uvigo.es/volumenes/volumen7/ART11_Vol7_N2.pdf}},
      urldate	  = {2018-02-18},
    }

    @Article{modelo,
      author      = {Rodríguez, Velázquez, J. A. and Steegmann, C. P.},
      title		  = {Modelos matemáticos},
      date		  = {2016},
      url		  = {\url{https://www.uoc.edu/in3/emath/docs/Modelos_matematicos.pdf}},
      urldate	  = {2018-03-07},
    }

    @Article{niss,
      author      = {Niss, M.},
      title		  = {Mathematical competencies and the learning of mathematics},
      date		  = {2004},
      url		  = {\url{http://www7.nationalacademies.org/mseb/ Mathematical_Competencies_and_the_ Learning_of_Mathematics.pdf}},
      urldate	  = {2017-07-17},
    }

    @article{godino2012enfoque,
      title={Una aproximaci{\'o}n ontosemi{\'o}tica a la visualizaci{\'o}n en educaci{\'o}n matem{\'a}tica},
      author={Godino, Juan D and Gonzato, Margherita and Cajaraville, Jos{\'e} A and Fern{\'a}ndez, Teresa},
      journal={Ense{\~n}anza de las ciencias: revista de investigaci{\'o}n y experiencias did{\'a}cticas},
      volume={30},
      number={2},
      pages={109--130},
      year={2012}
    }

    @book{rico,
      title={Competencias matem{\'a}ticas desde una perspectiva curricular},
      author={Romero, L.R. and G{\'o}mez, J.L.L.},
      isbn={9788420685878},
      series={El Libro Universitario - Materiales - Competencias B{\'a}sicas En Educaci{\'o}n},
      url={https://books.google.com.pe/books?id=RUCUBQAAQBAJ},
      year={2014},
      publisher={Alianza Editorial}
    }

    @UNPUBLISHED{ricardo,
      author =       {Ricardo Michel, Mallqui Baños},
      title =        {Matem\'aticas Aplicadas en el Arte Pl\'astico},
      note =         {Notas de lectura, Universidad San Cristóbal de Huamanga, Departamento de Ciencias F\'isico Matem\'aticas},
      year =         {2012},
    }

    @Online{ritmo,
      label		  = {Ritmo},
      hyphenation = {american},
      title		  = {Ritmo --- {W}ikipedia},
      subtitle	  = {Ritmo en otros campos},
      date		  = {2017},
      url		  = {https://es.org/Ritmo},
      urldate	  = {2018-04-20},
    }

    @book{Huamanga,
      title={Historia y cultura de Ayacucho},
      author={Velasco, A. Z. and Ch{\'a}vez, N. P. and Rojas, R. R. and Richter, M. M.},
      isbn={9789972511851},
      lccn={2008458982},
      series={Miscel{\'a}nea del Instituto de Estudios Peruanos},
      year={2008},
      publisher={IEP, Instituto de Estudios Peruanos}
    }
    @book{hervas2017pensamiento,
      title={Pensamiento Divergente},
      author={Hervas, J.},
      isbn={9781541219465},
      url={https://books.google.com.pe/books?id=6hSXAQAACAAJ},
      year={2017},
      publisher={CreateSpace Independent Publishing Platform}
    }
    @book{palacios2005,
      title={El an{\'a}lisis y la s{\'i}ntesis},
      author={Palacios, L. E.},
      isbn={9788474907575},
      series={Opuscula philosophica},
      year={2005},
      publisher={Ediciones Encuentro, S.A.}
    }
    @book{orlando2012habilidades,
      title={Habilidades de Razonamiento Y Resoluci{\'o}n de Problemas},
      author={Orlando, M.},
      isbn={9783659012006},
      url={https://books.google.com.pe/books?id=Gi1gLwEACAAJ},
      year={2012},
      publisher={EAE}
    }

    @book{camacho2009,
      title={Construcci{\'o}n de modelos matem{\'a}ticos y resoluci{\'o}n de problemas},
      author={Camacho Mach{\'i}n, M. and Fuente Mart{\'i}nez, C. and G{\'a}mez Ruiz, J.L. and Gonz{\'a}lez L{\'o}pez, M.J. and Jara Mart{\'i}nez, P. and Mar{\'i}n del Moral, A. and Ortega Del Rinc{\'o}n, T. and Recio Mu{\~n}iz, T.J. and Rico Romero, L.},
      isbn={9788436947663},
      series={Aulas de Verano. Serie: Ciencias},
      year={2009},
      publisher={Ministerio de Educaci{\'o}n}
    }
    @article{ovidio,
    author = {Trillo Alonso, Felipe},
    year = {1980},
    month = {01},
    pages = {20-21},
    title = {Ovidio Decroly y la globalización},
    journal = {Revista Padres y Maestros / Journal of Parents and Teachers}
    }
    @book{surhone2010shapiro,
      title={Shapiro-Wilk Test},
      author={Surhone, L. M. and Timpledon, M.T. and Marseken, S.F.},
      isbn={9786130417772},
      year={2010},
      publisher={VDM Publishing}
    }
    @book{jackson2012research,
      title={Research Methods and Statistics: A Critical Thinking Approach},
      author={Jackson, S.L.},
      isbn={9781111346553},
      abstract = {El presente texto estructurado en cuatro partes pretende ser un material de referencia para los alumnos de la materia de Técnicas de Investigación Social I. La primera parte busca fijar el significado de las técnicas de investigación social introduciendo al lector en las técnicas de investigación social. La segunda parte está destinada a las prácticas cualitativas con especial referencia a las denominadas técnicas grupales. La tercera parte centra sus tres apartados en la encuesta mediante cuestionario estandarizado. La cuarta y última parte estudia las diferentes formas de análisis. Al final de cada tema el lector dispone de una serie de preguntas que permiten un repaso rápido de lo leído.},
      lccn={2011921416},
      url={https://books.google.com.pe/books?id=YXHuw\_aIIgYC},
      year={2012},
      publisher={Cengage Learning}
    }
    @book{corder2011nonparametric,
      title={Nonparametric Statistics for Non-Statisticians: A Step-by-Step Approach},
      author={Corder, G.W. and Foreman, D.I.},
      isbn={9781118211250},
      url={https://books.google.com.pe/books?id=T3qOqdpSz6YC},
      year={2011},
      publisher={Wiley}
    }

    @Online{simbolizacion1,
      label		  = {simbolizaci\'on},
      hyphenation = {american},
      title	  = {Simbolizaci\'on de Proposiciones L\'ogicas},
      date		  = {2017},
      url		  = {\url{http://profe-alexz.blogspot.pe/2012/08/Simbolizacion-Proposiciones-Logicas-Ejemplos-Resueltos.html}},
      urldate	  = {2018-04-17},
    }

    @Online{demostracion1,
      label		  = {Modelo matemático},
      title	      = {Modelo matemático},
      date		  = {2018},
      url		  = {\url{https://es.org/Modelo_matem%C3%A1tico}},
      urldate	  = {2018-04-10},
    }

    @Online{criticidad1,
      label		  = {Pensamiento crítico},
      hyphenation = {american},
      title	  = {Pensamiento crítico},
      date		  = {2017},
      url		  = {\url{https://es.org/Pensamiento_cr%C3%ADtico}},
      urldate	  = {2017-06-17},
    }
    @Online{creatividad3,
      label		  = {Creatividad},
      hyphenation = {american},
      title	  = {creatividad},
      date		  = {2017},
      url		  = {\url{https://es.org/Creatividad}},
      urldate	  = {2017-06-17},
    }
    @Online{escultura,
      label		  = {Escultura},
      hyphenation = {american},
      title		  = {Escultura},
      subtitle	  = {Hist\'oria de la escultura},
      date		  = {2017},
      url		  = {\url{https://www.almendron.com/artehistoria/arte/escultura/las-claves-de-la-escultura/}},
      urldate	  = {2017-01-17},
    }

    @Online{fractal1,
      label		  = {Fractal},
      hyphenation = {american},
      title		  = {Fractal},
      subtitle	  = {Aplicaciones},
      date		  = {2017},
      url		  = {\url{http://www.ub.edu/matefest_infofest2011/triptics/fractal.pdf}},
      urldate	  = {2018-03-05},
    }
    @Online{opinion,
      label		  = {Ejemplos de Ficha de opinión},
      hyphenation = {american},
      author       ={Ejemplo},
      title		  = {Ejemplos de Ficha de opini\'on},
      date		  = {2018},
      url		  = {\url{http://www.ejemplode.com/13-ciencia/2411-ejemplo_de_ficha_de_opinion.html}},
      urldate	  = {2018-04-07},
    }
    @misc{Pisa,
    address = {Paris},
    author = {{OECD}},
    keywords = {Manual,fix},
    mendeley-tags = {Manual,fix},
    number = {4},
    pages = {1--12},
    publisher = {Organisation for Economic Cooperation and Development},
    title = {{Draft framework for the assessment of mathematics in PISA 2012}},
    year = {2012}
    }
